@article{anfinsen2009,
  title={Estimation of the equivalent number of looks in polarimetric synthetic aperture radar imagery},
  author={Anfinsen, Stian Normann and Doulgeris, Anthony P and Eltoft, Torbj{\o}rn},
  journal={IEEE Transactions on Geoscience and Remote Sensing},
  volume={47},
  number={11},
  pages={3795--3809},
  year={2009},
  publisher={IEEE}
}

@article{Bakhvalov,
  title={On the convergence of a relaxation method with natural constraints on the elliptic operator},
  author={Bakhvalov, Nikolai Sergeevich},
  journal={USSR Computational Mathematics and Mathematical Physics},
  volume={6},
  number={5},
  pages={101--135},
  year={1966},
  publisher={Elsevier}
}

@article{borba2004metodos,
  title={Métodos iterativos e multigrid},
  author={Borba, Anderson Adaime de and others},
  year={2004},
  publisher={Florianópolis, SC}
}



@article{brandt1977multi,
  title={Multi-level adaptive solutions to boundary-value problems},
  author={Brandt, Achi},
  journal={Mathematics of computation},
  volume={31},
  number={138},
  pages={333--390},
  year={1977}
}

@article{black1998robust,
  title={Robust anisotropic diffusion},
  author={Black, Michael J and Sapiro, Guillermo and Marimont, David H and Heeger, David},
  journal={IEEE Transactions on image processing},
  volume={7},
  number={3},
  pages={421--432},
  year={1998},
  publisher={IEEE}
}

@article{chen2011iterative,
  title={Iterative parameter-choice and multigrid methods for anisotropic diffusion denoising},
  author={Chen, Donghui and MacLachlan, Scott and Kilmer, M},
  journal={SIAM Journal on Scientific Computing},
  volume={33},
  number={5},
  pages={2972--2994},
  year={2011},
  publisher={SIAM}
}

@article{fedorenko1962relaxation,
  title={A relaxation method for solving elliptic difference equations},
  author={Fedorenko, Radii Petrovich},
  journal={USSR Computational Mathematics and Mathematical Physics},
  volume={1},
  number={4},
  pages={1092--1096},
  year={1962},
  publisher={Elsevier}
}

@article{fedorenko1964speed,
  title={The speed of convergence of one iterative process},
  author={Fedorenko, Radii Petrovich},
  journal={USSR Computational Mathematics and Mathematical Physics},
  volume={4},
  number={3},
  pages={227--235},
  year={1964},
  publisher={Elsevier}
}

@article{freitas_frery_2005,
  title={The polarimetric g distribution for SAR data analysis},
  author={Freitas, Corina C and Frery, Alejandro C and Correia, Antonio H},
  journal={Environmetrics},
  volume={16},
  number={1},
  pages={13--31},
  year={2005},
  publisher={Wiley Online Library}
}

@article{frery_muller_1997,
  title={A model for extremely heterogeneous clutter},
  author={Frery, Alejandro C{\'e}sar and Muller, H-J and Yanasse, Corina da Costa Freitas and Sant'Anna, Sidnei Jo{\~a}o Siqueira},
  journal={IEEE transactions on geoscience and remote sensing},
  volume={35},
  number={3},
  pages={648--659},
  year={1997},
  publisher={IEEE}
}

@article{frery_nascimento_2014,
  title={Analytic expressions for stochastic distances between relaxed complex Wishart distributions},
  author={Frery, Alejandro C and Nascimento, Abraao DC and Cintra, Renato J},
  journal={IEEE Transactions on Geoscience and Remote Sensing},
  volume={52},
  number={2},
  pages={1213--1226},
  year={2014},
  publisher={IEEE}
}

@article{gomez_frery_2017,
  title={Fully PolSAR image classification using machine learning techniques and reaction-diffusion systems},
  author={Gomez, Luis and Alvarez, Luis and Mazorra, Luis and Frery, Alejandro C},
  journal={Neurocomputing},
  volume={255},
  pages={52--60},
  year={2017},
  publisher={Elsevier}
}

@article{goodman1963,
author = "Goodman, N. R.",
doi = "10.1214/aoms/1177704251",
fjournal = "The Annals of Mathematical Statistics",
journal = "Ann. Math. Statist.",
month = "03",
number = "1",
pages = "178--180",
publisher = "The Institute of Mathematical Statistics",
title = "The Distribution of the Determinant of a Complex Wishart Distributed Matrix",
url = "http://dx.doi.org/10.1214/aoms/1177704251",
volume = "34",
year = "1963"
}

@article{gupta2013sobel,
  title={Sobel edge detection algorithm},
  author={Gupta, Samta and Mazumdar, Susmita Ghosh},
  journal={International journal of computer science and management Research},
  volume={2},
  number={2},
  pages={1578--1583},
  year={2013}
}
@article{hackbusch1980convergence,
  title={Convergence of multigrid iterations applied to difference equations},
  author={Hackbusch, Wolfgang},
  journal={Mathematics of Computation},
  volume={34},
  number={150},
  pages={425--440},
  year={1980}
}

@article{ling_c,
  title={The C Programming Language},
  author={Kernighan, B. and Ritchie, D},
  year={Acessado em 11 de julho 2016},
  publisher={https://en.wikipedia.org/wiki/The C Programming Language}
}


@Article{lee94,
  Title                    = {Intensity and phase statistics of multilook polarimetric and interferometric {SAR} imagery},
  Author                   = {Lee, J. S. and Hoppel, K. W. and Mango, S. A. and Miller, A. R.},
  Journal                  = {IEEE Transactions on Geoscience and Remote Sensing},
  Pages                    = {1017--1028},
  Volume                   = {32},
  Year                     = {1994},
  Month                    = sep,
  Number                   = {5},
  Doi                      = {10.1109/36.312890},
}

@book{lee2009polarimetric,
  title={Polarimetric radar imaging: from basics to applications},
  author={Lee, Jong-Sen and Pottier, Eric},
  year={2009},
  publisher={CRC press}
}


@article{liu2017multigrid,
 author = {Liu, Jun and Froese, Brittany D. and Oberman, Adam M. and Xiao, Mingqing},
 title = {A Multigrid Scheme for 3D Monge-Ampère Equations},
 journal = {Int. J. Comput. Math.},
 issue_date = {September 2017},
 volume = {94},
 number = {9},
 month = sep,
 year = {2017},
 issn = {0020-7160},
 pages = {1850--1866},
 numpages = {17},
 url = {https://doi.org/10.1080/00207160.2016.1247443},
 doi = {10.1080/00207160.2016.1247443},
 acmid = {3125009},
 publisher = {Taylor \& Francis, Inc.},
 address = {Bristol, PA, USA},
} 

@article{marr1980theory,
  title={Theory of edge detection},
  author={Marr, David and Hildreth, Ellen},
  journal={Proceedings of the Royal Society of London B: Biological Sciences},
  volume={207},
  number={1167},
  pages={187--217},
  year={1980},
  publisher={The Royal Society}
}

@article{molina2014impact,
  title={On the impact of anisotropic diffusion on edge detection},
  author={Lopez-Molina, Carlos and Galar, Mikel and Bustince, Humberto and De Baets, Bernard},
  journal={Pattern Recognition},
  volume={47},
  number={1},
  pages={270--281},
  year={2014},
  publisher={Elsevier}
}

@article{opencv_3_2016,
  title={OpenCV (Open Source Computer Vision Library)},
  year={Acessado em 11 de julho 2016},
  publisher={http://opencv.org}
}

@article{oskoei2010survey,
  title={A survey on edge detection methods},
  author={Oskoei, Mohammadreza Asghari and Hu, Huosheng},
  journal={University of Essex, UK},
  year={2010}
}

@article{papandreou2007multigrid,
  title={Multigrid geometric active contour models},
  author={Papandreou, George and Maragos, Petros},
  journal={IEEE transactions on image processing},
  volume={16},
  number={1},
  pages={229--240},
  year={2007},
  publisher={IEEE}
}

@article{perona1990scale,
  title={Scale-space and edge detection using anisotropic diffusion},
  author={Perona, Pietro and Malik, Jitendra},
  journal={IEEE Transactions on pattern analysis and machine intelligence},
  volume={12},
  number={7},
  pages={629--639},
  year={1990},
  publisher={IEEE}
}

@article{schunck1987scale,
    author = {Brian G. Schunck},
    title = {Edge detection with Gaussian filters at multiple scales},
    journal = {in Proc. IEEE Comp. Soc. Work. Comp. Vis.},
    year = {1887},
    pages = {208--210}
}

@article{sobel1968,
    author = {Sobel, R. and Feldman, G.},
    title = {An $3\times 3$ Isotropic Gradient Operator for Image Processing},
    journal = {Presented at the Stanford Artificial Intelligence Project (SAIL)},
    year = {1968},
}

@article{scott1998multigrid,
  title={Multigrid anisotropic diffusion},
  author={Acton, Scott T},
  journal={IEEE Transactions on Image Processing},
  volume={7},
  number={3},
  pages={280--291},
  year={1998},
  publisher={IEEE}
}


@article{tsiotsios2013anisotropic,
  title={On the choice of the parameters for anisotropic diffusion in image processing},
  author={Chourmouzios Tsiotsios and Maria Petrou},
  journal={Pattern Recognition},
  year={2013},
  volume={46},
  pages={1369-1381}
}

@article{wang2005new,
  title={A new meshless method for steady-state heat conduction problems in anisotropic and inhomogeneous media},
  author={Wang, Hui and Qin, Q-H and Kang, Yi Lan},
  journal={Archive of Applied Mechanics},
  volume={74},
  number={8},
  pages={563--579},
  year={2005},
  publisher={Springer}
}

